@article{Kirchhof:2014,
title = "The continuum of personalized cardiovascular medicine: A position paper of the European Society of Cardiology",
author = "Paulus Kirchhof and Sipido, {Karin R.} and Cowie, {Martin R.} and Thomas Eschenhagen and Fox, {Keith A A} and Hugo Katus and Stefan Schroeder and Heribert Schunkert and Silvia Priori",
year = "2014",
month = "12",
day = "7",
doi = "10.1093/eurheartj/ehu312",
language = "English",
volume = "35",
pages = "3250--3257",
journal = "European Heart Journal",
issn = "0195-668X",
publisher = "Oxford University Press",
number = "46",
}